@book{veiga2004educaccao,
  title={Educação básica e educação superior},
  author={VEIGA, I. P. A.},
  journal={Projeto Político Pedagógico},
  edition = {3},
  address = {Campinas},
  publisher = {Papirus},
  year={2004}
}

@manual{instrumento-mec,
	Address = {Bras{\'i}lia},
	Month = {03},
	Org-Short = {BRASIL},
	Organization = {Ministério da Educação. Instituto Nacional de Estudos e Pesquisas	Educacionais Anísio Teixeira – INEP},
	Pages = {67},
	Title = {Instrumento de Avalia{\c c}{\~a}o de Cursos de Graduação - Bacharelados, Licenciaturas e Cursos Superiores de Tecnologia},
	Year = {2011}
}

@misc{senso-inep,
	Address = {Brasília},
	Org-Short = {INEP-MEC},
	Organization = {Ministério da Educação. Instituto Nacional de Estudos e Pesquisas	Educacionais Anísio Teixeira – INEP},
	url = {https://download.inep.gov.br/publicacoes/institucionais/estatisticas_e_indicadores/resumo_tecnico_censo_da_educacao_superior_2020.pdf},
	Title = {RESUMO TÉCNICO DO CENSO DA EDUCAÇÃO SUPERIOR 2020},
	Year = {2020}
}

@misc{lei-diretrizes-e-bases,
	Address = {Brasília},
	Organization = {Brasil},
	url = {http://www.planalto.gov.br/ccivil_03/leis/L9394.htm},
	Title = {Lei de Diretrizes e Bases da Educação Nacional},
	Year = {1996}
}

@misc{varellaetal2022,
	Organization = {Centro de Filosofia e Ciências Humanas da Universidade Federal de Santa Catarina},
	Org-short = {CFH-UFSC},
	Title = {Divulgação Interdisciplinar do conhecimento Científico em Plataformas Digitais e Espaços Físicos},
	editor = {Flávia Florentino Varella},
	editortype = {Coord.},
	address = {Florianópolis},
    month = {5},
    Year = {2022}
}

@manual{forproex2012,
	Address = {Manaus},
	Org-Short = {FORPROEX},
	Organization = {Fórum de pró-reitores de extensão das universidades públicas brasileiras},
	Pages = {40},
	Title = {Política Nacional de Extensão Universitária},
	Year = {2012}
}

@manual{manual-ppc-ufop,
	Address = {Ouro Preto},
	Month = {07},
	Org-Short = {NAP-UFOP},
	Organization = {Universidade Federal de Ouro Preto},
	Pages = {23},
	Title = {DIRETRIZES PARA ELABORAÇÃO DE PROJETO PEDAGÓGICO DE CURSO-PPC},
	Year = {2016}
}

@Misc{PDI-UFOP,
	Address = {Ouro Preto},
	Month = {12},
	Org-Short = {PDI-UFOP},
	Organization = {Universidade Federal de Ouro Preto},
	Pages = {23},
	Title = {Plano de Desenvolvimento Institucional da Universidade Federal de Ouro Preto - 2016-2025},
	url = {https://www.ufop.br/sites/default/files/pdi_ufop_2016_2025.pdf},
	year = {2016}
}

@JOURNALPART{guia-do-estudante,
	title={Guia do estudante},
	subtitle={Engenharia de Controle e Automa{\c c}{\~a}o},
	year={2016},
	publisher = {Editora Abril},
	Url = {http://guiadoestudante.abril.com.br/},
	Urlaccessdate = {2016-09-07}
}

@BOOK{gaeta,
    author = {Gaeta, C. AND Masetto, M. T},
	title={O professor iniciante no ensino superior: aprender, atuar e inovar},
	year={2013},
	address = {São Paulo},
	publisher = {SENAC São Paulo}
}

@article{oakley,
    author = {Oakley, B. AND Felder, R.M. AND Brent, R. AND Elhajj, I.},
	title = {Turning student groups into effective teams},
	year = {2004},
	journal = {Journal of student centered learning},
	volume = {2},
	number = {1},
	pages = {9--34}
}

@BOOK{elmoresauer,
    author = {Elmôr Filho AND G. AND Sauer, L.Z. AND De Almeida, N.N. AND Villas-Boas, V.},
	title={Uma Nova Sala de Aula é Possível.},
	year={2019},
	address = {Rio de Janeiro},
	publisher = {LTC}
}

@Misc{wikimedianasala,
    Organization = {Wikimedia Foundation},
	Org-short = {Wikimedia},
	title={Estudos de caso: Como os professores estão ensinando com a Wikipédia.},
	journal = {Programa Wikipedia no Ensino},
	year={2022},
	url = {https://bit.ly/38PuTER},
	publisher = {wikipedia}
}

@online{wikimediauk1,
	title = {Why Embedding Wikimedia into the Curriculum Matters?},
	year = {2020},
	organization = {Disruptive Media Learning Lab at Coventry University},
	author = {Allison Littlejohn AND Lorna Campbell},
	note = {Wikimedia UK in partnership with Coventry University held an event on Wikimedia for educators.},
	url = {https://www.youtube.com/watch?v=aCahZVRL7V8}
}

@online{wikimediauk2,
	title = {Wikimedia in Education UK Summit},
    subtitle = {An archive of the 2020 Wikimedia Summit at Coventry University},
    month = {02},
    day  = {26},
	year = {2020},
	organization = {Disruptive Media Learning Lab at Coventry University},
	note = {An archive of the 2020 Wikimedia Summit at Coventry University},
	url = {https://wikiedusummit.coventry.domains/}
}

@misc{politica-eng-2022-ufop,
    Address = {Ouro Preto},
	title={Política Institucional de Formação para os Cursos de Engenharia da Universidade Federal de Ouro Preto},
	organization = {Subcâmara de Engenharias - UFOP},
	org-short = {UFOP},
	url = {http://www.soc.ufop.br/public/resolucao/mostrar/0000012122},
	month = {04},
	year={2022}
}

@misc{resolucao-cepe-7609,
    Address = {Ouro Preto},
	title={Resoluçãoo CEPE-UFOP 7609, de 20 de Nov. de 2018},
	organization = {Universidade Federal de Ouro Preto},
	org-short = {UFOP},
	url = {http://www.soc.ufop.br/public/files/RESOLUCAO_CEPE_7609.pdf},
	month = {11},
	year={2018}
}

@misc{resolucao-cuni-1868,
    Address = {Ouro Preto},
	title={Resoluçãoo CUNI-UFOP 1868 17 fev 2017},
	organization = {Universidade Federal de Ouro Preto},
	org-short = {Estatuto-UFOP},
	url = {http://www.soc.ufop.br/public/files/RESOLUCAO_CUNI_1868_ANEXO_0.pdf},
	month = {02},
	year={2017}
}

@misc{resolucao-cuni-1959,
    Address = {Ouro Preto},
	title={Resoluçãoo CUNI-UFOP 1959 28 nov 2017},
	organization = {Universidade Federal de Ouro Preto},
	org-short = {Regimento-UFOP},
	url = {http://www.soc.ufop.br/public/files/CAO_CUNI_1959_ANEXO_0.pdf},
	month = {11},
	year={2017}
}

@misc{resolucao-cepe-4450,
    Address = {Ouro Preto},
	title={Resoluçãoo CEPE-UFOP 7609, de 20 de Nov. de 2018},
	organization = {Universidade Federal de Ouro Preto},
	org-short = {CEPE4450},
	url = {http://www.soc.ufop.br/public/files/RESOLUCAO_CEPE_4450.pdf},
	month = {06},
	year={2010}
}

@misc{guia-curricularizacao-2022,
    Address = {Ouro Preto},
	title={Guia de Curricularização da Extensão na UFOP},
	org-short = {PROEX-UFOP},
	organization = {Pró-Reitoria de Extensão - PROEX-UFOP},
	org-short = {PROEX-UFOP},
	month = {03},
	year={2022}
}

@misc{CONEC-UFOP-19-2022,
    Address = {Ouro Preto},
	title={Normas e critérios para a utilização da carga horária de estágios não obrigatórios para a curricularização da Extensão Universitária na UFOP},
	organization = {Conselho Superior de Extensão e Cultura},
	org-short = {CONEC/UFOP},
	url = {https://www.prograd.ufop.br/sites/default/files/resolucao_conec_19_extensao.pdf},
	abstract = {Resolução CONEC/UFOP Nº19/2022, Aprova as normas e os critérios para a utilização da carga horária de estágios não obrigatórios para a curricularização da Extensão Universitária na UFOP},
	month = {03},
	year={2022}
}
